<record><leader>00000cas a22000007a 4500</leader><controlfield tag="001">21652485</controlfield><controlfield tag="008">900531d19uu1968gauwr ne      0    0eng d</controlfield><datafield ind1=" " ind2=" " tag="010"><subfield code="a">sn 90052422 </subfield></datafield><datafield ind1=" " ind2=" " tag="040"><subfield code="a">NLG</subfield><subfield code="b">eng</subfield><subfield code="c">NLG</subfield><subfield code="d">GUA</subfield><subfield code="d">OCLCQ</subfield><subfield code="d">OCLCF</subfield><subfield code="d">OCLCO</subfield></datafield><datafield ind1="1" ind2=" " tag="029"><subfield code="a">AU@</subfield><subfield code="b">000025857395</subfield></datafield><datafield ind1=" " ind2=" " tag="042"><subfield code="a">msc</subfield></datafield><datafield ind1=" " ind2=" " tag="043"><subfield code="a">n-us-ga</subfield></datafield><datafield ind1="0" ind2=" " tag="130"><subfield code="a">Weekly star (Atlanta, Ga.)</subfield></datafield><datafield ind1="1" ind2="4" tag="245"><subfield code="a">The Weekly star.</subfield></datafield><datafield ind1=" " ind2=" " tag="260"><subfield code="a">Atlanta, Ga. :</subfield><subfield code="b">West End Pub. Co.,</subfield><subfield code="c">-1968.</subfield></datafield><datafield ind1=" " ind2=" " tag="300"><subfield code="a">v.</subfield></datafield><datafield ind1=" " ind2=" " tag="310"><subfield code="a">Weekly</subfield></datafield><datafield ind1="0" ind2=" " tag="362"><subfield code="a">-v. 16, no. 40 (Sept. 11, 1968).</subfield></datafield><datafield ind1=" " ind2=" " tag="530"><subfield code="a">Also on microfilm: Athens, Ga. : University of Georgia Libraries.</subfield></datafield><datafield ind1=" " ind2=" " tag="580"><subfield code="a">The weekly star is continued by College Park edition neighbor, East Point edition neighbor, Hapeville edition neighbor, Southside edition neighbor, and West End edition neighbor.</subfield></datafield><datafield ind1=" " ind2=" " tag="588"><subfield code="a">Description based on: Vol. 7, no. 37 (Mar. 3, 1960).</subfield></datafield><datafield ind1=" " ind2="0" tag="651"><subfield code="a">Fulton County (Ga.)</subfield><subfield code="v">Newspapers.</subfield></datafield><datafield ind1=" " ind2="7" tag="655"><subfield code="a">Newspapers.</subfield><subfield code="2">fast</subfield><subfield code="0">(OCoLC)fst01423814</subfield></datafield><datafield ind1=" " ind2="7" tag="651"><subfield code="a">Georgia</subfield><subfield code="z">Fulton County.</subfield><subfield code="2">fast</subfield><subfield code="0">(OCoLC)fst01211153</subfield></datafield><datafield ind1=" " ind2=" " tag="752"><subfield code="a">United States</subfield><subfield code="b">Georgia</subfield><subfield code="c">Fulton</subfield><subfield code="d">Atlanta.</subfield></datafield><datafield ind1="1" ind2="1" tag="785"><subfield code="t">College Park edition neighbor</subfield><subfield code="w">(DLC)sn 90052426</subfield><subfield code="w">(OCoLC)21652136</subfield></datafield><datafield ind1="1" ind2="1" tag="785"><subfield code="t">East Point edition neighbor</subfield><subfield code="w">(DLC)sn 90052424</subfield><subfield code="w">(OCoLC)21652164</subfield></datafield><datafield ind1="1" ind2="1" tag="785"><subfield code="t">Hapeville edition neighbor</subfield><subfield code="w">(DLC)sn 89053469</subfield><subfield code="w">(OCoLC)20042852</subfield></datafield><datafield ind1="1" ind2="1" tag="785"><subfield code="t">Southside edition neighbor</subfield><subfield code="w">(DLC)sn 90052423</subfield><subfield code="w">(OCoLC)21652044</subfield></datafield><datafield ind1="1" ind2="1" tag="785"><subfield code="t">West End edition neighbor</subfield><subfield code="w">(DLC)sn 90052425</subfield><subfield code="w">(OCoLC)21652095</subfield></datafield></record>